<record><leader>00000cas a22000007a 4500</leader><controlfield tag="001">13825964</controlfield><controlfield tag="008">860707u1873uuuunjumr ne      0    0eng d</controlfield><controlfield tag="009">5005</controlfield><datafield ind1=" " ind2=" " tag="010"><subfield code="a">sn 85035730 </subfield></datafield><datafield ind1=" " ind2=" " tag="040"><subfield code="a">NPA</subfield><subfield code="b">eng</subfield><subfield code="c">NPA</subfield></datafield><datafield ind1="1" ind2=" " tag="029"><subfield code="a">AU@</subfield><subfield code="b">000025785544</subfield></datafield><datafield ind1=" " ind2=" " tag="042"><subfield code="a">msc</subfield></datafield><datafield ind1="0" ind2="0" tag="245"><subfield code="a">Asbury Park chronicle.</subfield></datafield><datafield ind1=" " ind2=" " tag="260"><subfield code="a">Asbury Park, N.J. :</subfield><subfield code="b">James A. Bradley,</subfield><subfield code="c">1873-</subfield></datafield><datafield ind1=" " ind2=" " tag="300"><subfield code="a">v. :</subfield><subfield code="b">ill. ;</subfield><subfield code="c">54 cm.</subfield></datafield><datafield ind1=" " ind2=" " tag="310"><subfield code="a">Monthly</subfield></datafield><datafield ind1="0" ind2=" " tag="362"><subfield code="a">Vol. 1, no. 1 (Jan. 1873)-</subfield></datafield><datafield ind1=" " ind2=" " tag="752"><subfield code="a">United States</subfield><subfield code="b">New Jersey</subfield><subfield code="c">Monmouth</subfield><subfield code="d">Asbury Park.</subfield></datafield></record>